@phdthesis{Zalkow21_LearningAudioRep_PhD,
  author  = {Frank Zalkow},
  title   = {Learning Audio Representations for Cross-Version Retrieval of Western Classical Music},
  school  = {{F}riedrich-{A}lexander-{U}niversit{\"a}t {E}rlangen-{N}{\"u}rnberg ({FAU})},
  address = {Erlangen, Germany},
  year    = {2021}
}


@article{ZalkowM21_CTC-Chroma_TASLP,
  author    = {Frank Zalkow and Meinard M{\"u}ller},
  title     = {{CTC}-Based Learning of Deep Chroma Features for Score-Audio Music Retrieval},
  journal   = {Submitted to {IEEE/ACM} Transactions on Audio, Speech, and Language Processing. Currently at the revision stage.},
  volume    = {},
  number    = {},
  pages     = {},
  year      = {2020}
}

@mastersthesis{Nadar20_MultitaskLearning_MasterThesis,
  title   = {Multitask Learning for Beat Detection and Chord Recognition in Music},
  author  = {Christon Ragavan Nada},
  school  = {Technische Universit{\"a}t Ilmenau},
  type    = {{M}aster {T}hesis},
  year    = {2020}
}


@mastersthesis{Reck19_StructureBoundary_MasterThesis,
  title   = {Boundary Detection in Music Recordings Using Deep Learning Techniques},
  author  = {Julian Reck},
  school  = {Friedrich-Alexander-Universit{\"a}t Erlangen-N{\"u}rnberg},
  type    = {{M}aster {T}hesis},
  year    = {2019}
}

@article{StoterULM19_Unmix_JOSS,
author    = {Fabian{-}Robert St{\"{o}}ter and Stefan Uhlich and Antoine Liutkus and Yuki Mitsufuji},
title     = {{Open-Unmix} -- {A} Reference Implementation for Music Source Separation},
journal   = {Journal of Open Source Software ({JOSS})},
volume    = {4},
number    = {41},
pages     = {1667},
year      = {2019},
url       = {https://doi.org/10.21105/joss.01667},
doi       = {10.21105/joss.01667}
}

@article{GhassemiHMGMKE18_GaitSeg_Sensors,
author        = {Nooshin Haji Ghassemi and Julius Hannink and Christine F. Martindale and Heiko Ga{\ss}ner and Meinard M{\"u}ller and Jochen Klucken and Bj{\"o}rn M. Eskofier},
title         = {Segmentation of Gait Sequences in Sensor-Based Movement Analysis: {A} Comparison of Methods in {P}arkinson's Disease},
journal       = {Sensors},
volume        = {18},
number        = {1},
articlenumber = {145},
url-details   = {http://www.mdpi.com/1424-8220/18/1/145},
doi           = {10.3390/s18010145},
year          = {2018},
url-pdf={2018_GhassemiHMGMKE_GaitSeg_Sensors_PrintedVersion.pdf},
}

@inproceedings{BaakMBST11_DepthCamera_ICCV,
author       = {Andreas Baak and Meinard M{\"u}ller and Gaurav Bharaj and Hans-Peter Seidel and Christian Theobalt},
title        = {A Data-Driven Approach for Real-Time Full Body Pose Reconstruction from a Depth Camera},
booktitle    = {Proceedings of the International Conference on Computer Vision ({ICCV})},
year         = {2011},
pages        = {1092--1099},
ee           = {http://dx.doi.org/10.1109/ICCV.2011.6126356},
address    = {Barcelona, Spain},
url-pdf   = {2011_BaakMuellerBharajSeidelTheobalt_DataDrivenDepthTracking_ICCV.pdf},
}

@inproceedings{Zih-SingS19_HierarchicalClassificationSingingTranscription_ISMIR,
  author    = {Fu Zih{-}Sing and
               Li Su},
  title     = {Hierarchical Classification Networks for Singing Voice Segmentation
               and Transcription},
  booktitle = {Proceedings of the International Society for Music Information Retrieval Conference ({ISMIR})},
  pages     = {900--907},
  address   = {Delft, The Netherlands},
  year      = {2019}
}

@inproceedings{WehrmannCB18_HierarchicalMultilabelDNN_ICML,
  author    = {Jonatas Wehrmann and
               Ricardo Cerri and
               Rodrigo C. Barros},
  title     = {Hierarchical Multi-Label Classification Networks},
  booktitle = {Proceedings of the International Conference on Machine Learning ({ICML})},
  pages     = {5225--5234},
  address   = {Stockholm, Sweden},
  year      = {2018}
}

@inproceedings{HsiehCFYY20_AddressingAccompanimentInSingerIdentification_ICASSP,
  author    = {Tsung{-}Han Hsieh and
               Kai{-}Hsiang Cheng and
               Zhe{-}Cheng Fan and
               Yu{-}Ching Yang and
               Yi{-}Hsuan Yang},
  title     = {Addressing The Confounds Of Accompaniments In Singer Identification},
  booktitle = {Proceedings of the {IEEE} International Conference on Acoustics, Speech, and Signal Processing ({ICASSP})},
  address   = {Barcelona, Spain},
  pages     = {1--5},
  year      = {2020},
  doi       = {10.1109/ICASSP40776.2020.9054069}
}

@inproceedings{LeeN19_EmbeddingSingingVoice_ISMIR,
  author    = {Kyungyun Lee and
               Juhan Nam},
  title     = {Learning a Joint Embedding Space of Monophonic and Mixed Music Signals
               for Singing Voice},
  booktitle = {Proceedings of the International Society for Music Information Retrieval Conference ({ISMIR})},
  pages     = {295--302},
  address   = {Delft, The Netherlands},
  year      = {2019}
}

@inproceedings{WeningerDERS11_VocalistGenderRecognition_ICASSP,
  author    = {Felix Weninger and
               Jean{-}Louis Durrieu and
               Florian Eyben and
               Ga{\"{e}}l Richard and
               Bj{\"{o}}rn W. Schuller},
  title     = {Combining monaural source separation with Long Short-Term Memory for
               increased robustness in vocalist gender recognition},
  booktitle = {Proceedings of the {IEEE} International Conference on Acoustics, Speech, and Signal Processing ({ICASSP})},
  address   = {Prague, Czech Republic},
  pages     = {2196--2199},
  year      = {2011},
  doi       = {10.1109/ICASSP.2011.5946764}
}

@article{DaviesHYG14_MusicMashups_TASLP,
  author    = {Matthew E. P. Davies and
               Philippe Hamel and
               Kazuyoshi Yoshii and
               Masataka Goto},
  title     = {AutoMashUpper: automatic creation of multi-song music mashups},
  journal   = {{IEEE/ACM} Transactions on Audio, Speech {\&} Language Processing},
  volume    = {22},
  number    = {12},
  pages     = {1726--1737},
  year      = {2014},
  doi       = {10.1109/TASLP.2014.2347135}
}