@inproceedings{AbesserCTPM21_InstrumentJazz_EUSIPCO,
  author    = {Jakob Abe{\ss}er and Jaydeep Chauhan and Prateek Pradeep Pillai and Michael Taenzer and Stylianos I. Mimilakis},
  title     = {Predominant {J}azz {I}nstrument {R}ecognition: {E}mpirical {S}tudies on {N}eural {N}etwork {A}rchitectures},
  booktitle = {Proceedings of the European Signal Processing Conference ({EUSIPCO})},
  pages     = {},
  address   = {Dublin, Ireland},
  year      = {2021},
  doi       = {}  
}

@inproceedings{MimilakisTA21_InstrumentReco_CMMR,
  author    = {Stylianos I. Mimilakis and Michael Taenzer and Jakob Abe{\ss}er},
  title     = {Deep Learning-Based Music Instrument Recognition: Exploring Learned Representations},
  booktitle = {Proceedings of the 15th International Symposium on Computer Music Multidisciplinary Research ({CMMR})},
  pages     = {},
  address   = {Tokyo, Japan},
  year      = {2021},
  doi       = {}  
}

@inproceedings{KavalerovWEPWRH19_UniversalSS_WASPAA,
address = {New Paltz, NY, USA},
author = {Kavalerov, Ilya and Wisdom, Scott and Erdogan, Hakan and Patton, Brian and Wilson, Kevin and Roux, Jonathan Le and Hershey, John R.},
booktitle = {IEEE Workshop on Applications of Signal Processing to Audio and Acoustics (WASPAA)},
title = {{Universal Sound Separation}},
year = {2019},
pages={175-179},
doi={10.1109/WASPAA.2019.8937253}}
}

@inproceedings{Tzinis:2020:SED_SS:ICASSP,
address = {Barcelona, Spain},
author = {Tzinis, Efthymios and Wisdom, Scott and Hershey, John R. and Jansen, Aren and Ellis, Daniel P. W.},
booktitle = {Proceedings of the IEEE International Conference on Acoustics, Speech and Signal Processing (ICASSP)},
doi = {10.1109/ICASSP40776.2020.9053921},
pages = {96--100},
title = {{Improving Universal Sound Separation using Sound Classification}},
year = {2020}
}


@article{DrossosMGLV20_SED_DS_DC_ARXIV,
journal = {arXiv preprint arXiv:2002.00476},
author = {Drossos, Konstantinos and Mimilakis, Stylianos I. and Gharib, Shayan and Li, Yanxiong and Virtanen, Tuomas},
title = {{Sound Event Detection with Depthwise Separable and Dilated Convolutions}},
year = {2020}
}

@article{Fonseca:2020:FSD50K:ARXIV,
author = {Fonseca, Eduardo and Member, Student and Favory, Xavier and Pons, Jordi and Font, Frederic and Serra, Xavier},
journal = {arXiv preprint arXiv:2010.00475},
title = {{FSD50K: an Open Dataset of Human-labeled Sound Events}},
year = {2020}
}

@article{Xia:2019:SEDSurvey:CSSP,
author = {Xia, Xianjun and Togneri, Roberto and Sohel, Ferdous and Zhao, Yuanjun and Huang, Defeng},
doi = {10.1007/s00034-019-01094-1},
journal = {Circuits, Systems, and Signal Processing},
pages = {3433--3453},
title = {{A Survey: Neural Network-Based Deep Learning for Acoustic Event Detection}},
volume = {38},
year = {2019}
}

@inproceedings{Dang:2017:SurveyAED:ICOT,
address = {Singapore, Singapore},
author = {Dang, An and Vu, Toan H. and Wang, Jia Ching},
booktitle = {Proceedings of the International Conference on Orange Technologies (ICOT)},
doi = {10.1109/ICOT.2017.8336092},
pages = {75--78},
title = {{A survey of Deep Learning for Polyphonic Sound Event Detection}},
year = {2017}
}

@inproceedings{Zhang:2018:Mixup:ICLR,
address = {Vancouver, Canada},
author = {Zhang, Hongyi and Cisse, Moustapha and Dauphin, Yann N. and Lopez-Paz, David},
booktitle = {Proceedings of the International Conference on Learning Representations (ICLR)},
title = {{mixup: Beyond Empirical Risk Minimization}},
address = {Vancouver, Canada},
year = {2018}
}

@inproceedings{Park:2019:SpecAugment:INTERSPEECH,
author = {Park, Daniel S. and Chan, William and Zhang, Yu and Chiu, Chung Cheng and Zoph, Barret and Cubuk, Ekin D. and Le, Quoc V.},
booktitle = {Proceedings of the Annual Conference of the International Speech Communication Association (INTERSPEECH)},
pages = {2613--2617},
title = {{Specaugment: A simple data augmentation method for automatic speech recognition}},
year = {2019},
address = {Graz, Austria}
}

@inproceedings{Adavanne:2017:AEDWeaklyLabels:DCASE,
address = {Munich, Germany},
author = {Adavanne, Sharath and Virtanen, Tuomas},
booktitle = {Proceedings of the Detection and Classification of Acoustic Scenes and Events (DCASE)},
title = {{Sound event detection using weakly labeled dataset with stacked convolutional and recurrent neural network}},
year = {2017}
}


@article{Sudo:2019:EnvSoundSeg:IROS,
author = {Sudo, Yui and Itoyama, Katsutoshi and Nishida, Kenji and Nakadai, Kazuhiro},
doi = {10.1109/IROS40897.2019.8967954},
journal = {Proceedings of the IEEE International Conference on Intelligent Robots and SystIEEE International Conference on Intelligent Robots and Systemsems},
pages = {5340--5345},
title = {{Environmental sound segmentation utilizing Mask U-Net}},
year = {2019},
address = {Macau, China}
}

@article{Ding:2020:AdaMD:IEEE_TASLP,
author = {Ding, Wenhao and He, Liang},
journal = {IEEE/ACM Transactions on Audio Speech and Language Processing},
pages = {294--306},
title = {{Adaptive multi-scale detection of acoustic events}},
volume = {28},
year = {2020}
}

@article{Politis:2021:SEL:TASLP,
author = {Politis, Archontis and Mesaros, Annamaria and Adavanne, Sharath and Heittola, Toni and Virtanen, Tuomas},
journal = {IEEE/ACM Transactions on Audio Speech and Language Processing},
pages = {684--698},
title = {{Overview and Evaluation of Sound Event Localization and Detection in DCASE 2019}},
volume = {29},
year = {2021}
}

@inproceedings{Arora:2017:TransferLearning:IEEE_WMSP,
address = {Luton, UK},
author = {Arora, Prerna and Haeb-Umbach, Reinhold},
booktitle = {Proceedings of the IEEE International Workshop on Multimedia Signal Processing (MMSP)},
pages = {1--6},
title = {{A Study on Transfer Learning for Acoustic Event Detection in a Real Life Scenario}},
year = {2017}
}

@inproceedings{Cramer:2019:OpenL3:ICASSP,
address = {Brighton, UK},
author = {Cramer, Jason and Wu, Ho-hsiang and Salamon, Justin and Bello, Juan Pablo},
booktitle = {Proceedings of the IEEE International Conference on Acoustics, Speech and Signal Processing (ICASSP)},
pages = {3852--3856},
title = {{Look, Listen, and Learn More: Design Choices for Deep Audio Embeddings}},
year = {2019}
}


@inproceedings{Hershey:2017:CNN:ICASSP,
address = {New Orleans, LA, USA},
author = {Hershey, Shawn and Chaudhuri, Sourish and Ellis, Daniel P.W. W. and Gemmeke, Jort F. and Jansen, Aren and Moore, R. Channing and Plakal, Manoj and Platt, Devin and Saurous, Rif A. and Seybold, Bryan and Slaney, Malcolm and Weiss, Ron J. and Wilson, Kevin},
booktitle = {Proceedings of the IEEE International Conference on Acoustics, Speech and Signal Processing (ICASSP)},
pages = {131--135},
title = {{CNN architectures for large-scale audio classification}},
year = {2017}
}

@inproceedings{Koutini:2019:ResNet:EUSIPCO,
address = {A Coru{\~{n}}a, Spain},
author = {Koutini, Khaled and Eghbal-Zadeh, Hamid and Dorfer, Matthias and Widmer, Gerhard},
booktitle = {Proceedings of the European Signal Processing Conference (EUSIPCO)},
doi = {10.23919/EUSIPCO.2019.8902732},
pages = {1--5},
title = {{The receptive field as a regularizer in deep convolutional neural networks for acoustic scene classification}},
year = {2019}
}

@article{Zinemanas:2021:InterpretableSED:ELECTRONICS,
author = {Zinemanas, Pablo and Rocamora, Mart{\'{i}}n and Miron, Marius and Font, Frederic and Serra, Xavier},
doi = {10.3390/electronics10070850},
journal = {Electronics (Switzerland)},
number = {7},
pages = {1--23},
title = {{An interpretable deep learning model for automatic sound classification}},
volume = {10},
year = {2021}
}

@article{Xia:2019:EventDetection:CSSR,
author = {Xia, Xianjun and Togneri, Roberto and Sohel, Ferdous and Zhao, Yuanjun and Huang, Defeng},
doi = {10.1007/s00034-019-01094-1},
journal = {Circuits, Systems, and Signal Processing},
title = {{A Survey: Neural Network-Based Deep Learning for Acoustic Event Detection}},
year = {2019},
volume = {38},
pages = {3433â€“3453}
}

@article{Abesser:2021:USM-SED:ARXIV,
author = {Abe{\ss}er, Jakob},
journal = {arXiv preprint arXiv:2105.02592},
title = {{USM-SED - A Dataset for Polyphonic Sound Event Detection in Urban Sound Monitoring Scenarios}},
year = {2021}
}

@inproceedings{Gemmeke:2017:Audioset:ICASSP,
address = {New Orleans, LA, USA},
author = {Gemmeke, Jort F. and Ellis, Daniel P. W. and Freedman, Dylan and Jansen, Aren and Lawrence, Wade and Moore, R. Channing and Plakal, Manoj and Ritter, Marvin},
booktitle = {Proceedings of the IEEE International Conference on Acoustics, Speech and Signal Processing (ICASSP)},
pages = {776--780},
title = {{Audio Set: An Ontology and Human-Labeled Dataset for Audio Events}},
year = {2017}
}


@article{Wisdom:2020:FUSS:ARXIV,
author = {Wisdom, Scott and Erdogan, Hakan and Ellis, Daniel P W and Serizel, Romain and Turpault, Nicolas and Fonseca, Eduardo and Salamon, Justin and Seetharaman, Prem and Hershey, John R and Lorraine, De},
journal = {arXiv preprint arXiv:2011.00803v1},
title = {{What's all the {FUSS} about free universal Sound Separation}},
year =  {2020},
}

@article{Schroff:2015:FaceNet:ARXIV,
  author    = {Florian Schroff and
               Dmitry Kalenichenko and
               James Philbin},
  title     = {FaceNet: {A} Unified Embedding for Face Recognition and Clustering},
  journal   = {arXiv preprint arXiv:1503.03832},
  year      = {2015},
}

@inproceedings{Gomez:2018:IREC:ISMIR,
address = {Paris, France},
author = {G{\'{o}}mez, Juan S. and Abe{\ss}er, Jakob and {Estefan{\'{i}}a Cano}},
booktitle = {Proceedings of the 19th International Society for Music Information Retrieval Conference (ISMIR)},
pages = {577--584},
title = {{Jazz Solo Instrument Classification with Convolutional Neural Networks, Source Separation, and Transfer Learning}},
year = {2018}
}

@InProceedings{Grollmisch:2019:EUSIPCO,
  author =    {Sascha Grollmisch and Jakob Abe{\ss}er and Judith Liebetrau and Hanna Lukashevich},
  title =     {Sounding Industry: Challenges and Datasets for Industrial Sound Analysis},
  booktitle = {Proceedings of the 27th European Signal Processing Conference (EUSIPCO)},
  year =      {2019},
  address =   {A Coru{\~n}a, Spain},
  owner =     {jakobabeer},
  timestamp = {2019.02.06}
}



@InProceedings{Abesser:2018:IEEE_FICLOUD,
  author =    {Jakob Abe{\ss}er and Robert Gr{\"a}fe and Christian K{\"u}hn and Tobias Clau{\ss} and Hanna Lukashevich and Marco G{\"o}tze and Stephanie K{\"u}hnlenz},
  title =     {A Distributed Sensor Network for Monitoring Noise Level and Noise Sources in Urban Environments},
  booktitle = {Proceedings of the 6th IEEE International Conference on Future Internet of Things and Cloud (FiCloud)},
  year =      {2018},
  pages =     {318-324},
  address =   {Barcelona, Spain}
}



@InProceedings{Abesser:2017:DCASE,
  author =    {Abe{\ss}er, Jakob and Mimilakis, Stylianos Ioannis and Gr{\"a}fe, Robert and Lukashevich, Hanna},
  title =     {Acoustic Scene Classification by Combining Autoencoder-Based Dimensionality Reduction and Convolutional Neural Networks},
  booktitle = {Proceedings of the 2nd DCASE Workshop on Detection and Classification of Acoustic Scenes and Events},
  year =      {2017},
  address =   {Munich, Germany},
  month =     {16-17 November}
}


@inproceedings{Nadar:2019:ChordRecognitionCNN:SMC,
address = {M{\'{a}}laga, Spain},
author = {Nadar, Christon-Ragavan and Abe{\ss}er, Jakob and Grollmisch, Sascha},
booktitle = {Proceedings of the Sound and Music Computing Conference (SMC)},
pages = {551--557},
title = {{Towards CNN-based Acoustic Modeling of Seventh Chords for Recognition Chord Recognition}},
year = {2019}
}

@inproceedings{Davies:2019:BeatTracking:EUSIPCO,
address = {A Coru{\~{n}}a, Spain},
author = {Davies, Matthew E.P. and B{\"{o}}ck, Sebastian},
booktitle = {Proceedings of the European Signal Processing Conference (EUSIPCO)},
doi = {10.23919/EUSIPCO.2019.8902578},
pages = {1--5},
title = {{Temporal convolutional networks for musical audio beat tracking}},
year = {2019}
}

@article{Veit:2017:CSN:ARXIV,
author = {Veit, Andreas and Belongie, Serge and Karaletsos, Theofanis},
doi = {10.1109/CVPR.2017.193},
journal = {arXiv preprint arXiv:1603.07810},
title = {{Conditional similarity networks}},
year = {2017}
}

@inproceedings{Lee:2020:Disentangle:ISMIR,
address = {Montr{\'{e}}al, Canda},
author = {Lee, Jongpil and Bryan, Nicholas J. and Salamon, Justin and Jin, Zeyu and Nam, Juhan},
booktitle = {Proceedings of the International Society for Music Information Retrieval (ISMIR)},
pages = {???},
title = {{Metric learning vs classification for disentangled music representation learning}},
year = {2020}
}

@incollection{Stacke:2020:DomainShift:JBHI,
author = {Stacke, Karin and Eilertsen, Gabriel and Unger, Jonas and Lundstr{\"{o}}m, Claes},
booktitle = {IEEE Journal of Biomedical and Health Informatics},
doi = {10.1109/JBHI.2020.3032060},
number = {2},
pages = {325--336},
title = {{Measuring Domain Shift for Deep Learning in Histopathology}},
volume = {25},
year = {2021}
}

@inproceedings{Elsahar:2019:DomainShift:EMNLP,
address = {Hongkong, China},
author = {Elsahar, Hady and Gall{\'{e}}, Matthias},
booktitle = {Proceedings of the 2019 Conference on Empirical Methods in Natural Language Processing and the 9th International Joint Conference on Natural Language Processing (EMNLP-IJCNLP)},
pages = {2163--2173},
title = {{To Annotate of Not? Predicting Performance Drop under Domain Shift}},
year = {2019}
}

@inproceedings{Wang:2021:ContinualFewShot:ICASSP,
address = {Toronto, Ontario, Canada},
author = {Wang, Yu and Bryan, Nicholas J. and Cartwright, Mark and {Pablo Bello}, Juan and Salamon, Justin},
booktitle = {Proceedings of the IEEE International Conference on Acoustics, Speech, and Signal Processing (ICASSP)},
number = {4},
pages = {321--325},
title = {{Few-Shot Continual Learning for Audio Classification}},
year = {2021}
}

@inbook{Montavon:2019:LRP:BOOK,
address = {Cham},
author = {Montavon, Gr{\'{e}}goire and Binder, Alexander and Lapuschkin, Sebastian and Samek, Wojciech and M{\"{u}}ller, Klaus-Robert},
booktitle = {Explainable AI: Interpreting, Explaining and Visualizing Deep Learning},
doi = {10.1007/978-3-030-28954-6_10},
editor = {Samek, Wojciech and Montavon, Gr{\'{e}}goire and Vedaldi, Andrea and Hansen, Lars Kai and M{\"{u}}ller, Klaus-Robert},
pages = {193--209},
publisher = {Springer International Publishing},
title = {{Layer-Wise Relevance Propagation: An Overview}},
year = {2019}
}

@article{Ruder:2017:MultitaskLearning:ARXIV,
author = {Ruder, Sebastian},
journal = {arXiv preprint arXiv:1706.05098},
mendeley-groups = {CLEAN},
title = {{An Overview of Multi-Task Learning in Deep Neural Networks}},
year = {2017}
}

@article{Wang:2018:DomainAdaptation:NC,
author = {Wang, Mei and Deng, Weihong},
doi = {10.1016/j.neucom.2018.05.083},
pages = {135--153},
title = {{Deep visual domain adaptation: A survey}},
volume = {312},
year = {2018}
}

@article{Kouw:2021:DomainAdaptation:TPAMI,
author = {Kouw, Wouter M. and Loog, Marco},
doi = {10.1109/TPAMI.2019.2945942},
journal = {IEEE Transactions on Pattern Analysis and Machine Intelligence},
number = {3},
pages = {766--785},
title = {{A Review of Domain Adaptation without Target Labels}},
volume = {43},
year = {2021}
}

@article{Abrol:2020:ASC:IEEE_TASLP,
author = {Abrol, Vinayak and Sharma, Pulkit},
doi = {10.1109/TASLP.2020.3001969},
journal = {IEEE/ACM Transactions on Audio Speech and Language Processing},
pages = {1964--1973},
title = {{Learning Hierarchy Aware Embedding from Raw Audio for Acoustic Scene Classification}},
volume = {28},
year = {2020}
}

@article{Fonseca:2021:SSLSeparation:ARXIV,
author = {Fonseca, Eduardo and Jansen, Aren and Ellis, Daniel P. W. and Wisdom, Scott and Tagliasacchi, Marco and Hershey, John R. and Plakal, Manoj and Hershey, Shawn and Moore, R. Channing and Serra, Xavier},
journal = {arXiv preprint arXiv:2105.02132},
title = {{Self-Supervised Learning from Automatically Separated Sound Scenes}},
year = {2021}
}

@inproceedings{Vogl:2017:DrumAndBeat:ISMIR,
author = {Vogl, Richard and Dorfer, Matthias and Widmer, Gerhard and Knees, Peter},
booktitle = {Proceedings of the International Society for Music Information Retrieval Conference (ISMIR)},
pages = {150--157},
title = {{Drum transcription via joint beat and drum modeling using convolutional recurrent neural networks}},
year = {2017}
}
